<record><leader>00000cas a2200000 i 4500</leader><controlfield tag="001">857590588</controlfield><controlfield tag="006">m     o  d        </controlfield><controlfield tag="007">cr |||||||||||</controlfield><controlfield tag="008">130904d18491876scuwr neo     0   a0eng  </controlfield><datafield ind1=" " ind2=" " tag="010"><subfield code="a">  2013218960</subfield></datafield><datafield ind1=" " ind2=" " tag="040"><subfield code="a">DLC</subfield><subfield code="b">eng</subfield><subfield code="e">rda</subfield><subfield code="c">DLC</subfield><subfield code="d">DLC</subfield><subfield code="d">OCLCF</subfield><subfield code="d">DLC</subfield></datafield><datafield ind1="0" ind2=" " tag="022"><subfield code="a">2330-8656</subfield><subfield code="2">1</subfield></datafield><datafield ind1=" " ind2=" " tag="042"><subfield code="a">pcc</subfield><subfield code="a">nsdp</subfield></datafield><datafield ind1=" " ind2=" " tag="043"><subfield code="a">n-us-sc</subfield></datafield><datafield ind1="1" ind2="0" tag="050"><subfield code="a">ISSN RECORD</subfield></datafield><datafield ind1="0" ind2="0" tag="082"><subfield code="a">071</subfield><subfield code="2">23</subfield></datafield><datafield ind1="0" ind2=" " tag="130"><subfield code="a">Fairfield herald (Winnsboro, S.C. : Online)</subfield></datafield><datafield ind1=" " ind2="4" tag="222"><subfield code="a">The Fairfield herald</subfield><subfield code="b">(Winnsboro, S.C. Online)</subfield></datafield><datafield ind1="1" ind2="4" tag="245"><subfield code="a">The Fairfield herald.</subfield></datafield><datafield ind1=" " ind2="1" tag="264"><subfield code="a">Winnsboro, (S.C.) :</subfield><subfield code="b">E. H. Britton,</subfield><subfield code="c">-1876.</subfield></datafield><datafield ind1=" " ind2=" " tag="300"><subfield code="a">1 online resource</subfield></datafield><datafield ind1=" " ind2=" " tag="310"><subfield code="a">Weekly</subfield></datafield><datafield ind1=" " ind2=" " tag="336"><subfield code="a">text</subfield><subfield code="b">txt</subfield><subfield code="2">rdacontent</subfield></datafield><datafield ind1=" " ind2=" " tag="337"><subfield code="a">computer</subfield><subfield code="b">c</subfield><subfield code="2">rdamedia</subfield></datafield><datafield ind1=" " ind2=" " tag="338"><subfield code="a">online resource</subfield><subfield code="b">cr</subfield><subfield code="2">rdacarrier</subfield></datafield><datafield ind1="1" ind2=" " tag="362"><subfield code="a">Began in 1849; ceased October 5, 1876.</subfield></datafield><datafield ind1=" " ind2=" " tag="500"><subfield code="a">Publishers: Britton &amp; Mickle, &lt;1852&gt;; Desportes &amp; Williams, &lt;1873&gt;; Williams &amp; Davis, &lt;1876&gt;.</subfield></datafield><datafield ind1=" " ind2=" " tag="515"><subfield code="a">Suspended in 1861? Resumed with June 20, 1866 (Vol. 1, no. 1) issue.</subfield></datafield><datafield ind1=" " ind2=" " tag="588"><subfield code="a">Description based on: Vol. 1, no. 40 (November 24, 1849); title from masthead (Chroniclingamerica.loc.gov, viewed September 4, 2013).</subfield></datafield><datafield ind1=" " ind2=" " tag="588"><subfield code="a">Latest issue consulted: Vol. I, no. I (October 5, 1876) (Chroniclingamerica.loc.gov, viewed September 4, 2013).</subfield></datafield><datafield ind1=" " ind2="0" tag="651"><subfield code="a">Winnsboro (S.C.)</subfield><subfield code="v">Newspapers.</subfield></datafield><datafield ind1=" " ind2="0" tag="651"><subfield code="a">Fairfield County (S.C.)</subfield><subfield code="v">Newspapers.</subfield></datafield><datafield ind1=" " ind2="7" tag="651"><subfield code="a">South Carolina</subfield><subfield code="z">Fairfield County.</subfield><subfield code="2">fast</subfield><subfield code="0">(OCoLC)fst01207054</subfield></datafield><datafield ind1=" " ind2="7" tag="651"><subfield code="a">South Carolina</subfield><subfield code="z">Winnsboro.</subfield><subfield code="2">fast</subfield><subfield code="0">(OCoLC)fst01209837</subfield></datafield><datafield ind1=" " ind2="7" tag="655"><subfield code="a">Newspapers.</subfield><subfield code="2">fast</subfield><subfield code="0">(OCoLC)fst01423814</subfield></datafield><datafield ind1=" " ind2=" " tag="752"><subfield code="a">United States</subfield><subfield code="b">South Carolina</subfield><subfield code="c">Fairfield</subfield><subfield code="d">Winnsboro.</subfield></datafield><datafield ind1="0" ind2=" " tag="775"><subfield code="t">Daily register (Winnsboro, S.C. : Online)</subfield></datafield><datafield ind1="0" ind2=" " tag="775"><subfield code="t">Register (Winnsboro, S.C. : Triweekly : Online)</subfield></datafield><datafield ind1="0" ind2="8" tag="776"><subfield code="i">Originally issued in print:</subfield><subfield code="t">Fairfield herald (Winnsboro, S.C.)</subfield><subfield code="x">2330-8648</subfield><subfield code="w">(DLC)sn 84026923</subfield><subfield code="w">(OCoLC)10749071</subfield></datafield><datafield ind1="0" ind2="7" tag="785"><subfield code="t">Tri-weekly news (Winnsboro, S.C. : Online)</subfield><subfield code="x">2333-1968</subfield><subfield code="w">(DLC)  2014218214</subfield><subfield code="w">(OCoLC)862979619</subfield></datafield><datafield ind1="0" ind2="7" tag="785"><subfield code="t">News and herald (Winnsboro, S.C. : Weekly : Online)</subfield><subfield code="x">2330-877X</subfield><subfield code="w">(DLC)  2013218962</subfield><subfield code="w">(OCoLC)857592187</subfield></datafield><datafield ind1="4" ind2="0" tag="856"><subfield code="u">http://chroniclingamerica.loc.gov/lccn/sn84026923/issues</subfield></datafield><datafield ind1="1" ind2=" " tag="029"><subfield code="a">NZ1</subfield><subfield code="b">15124419</subfield></datafield></record>